@ARTICLE{ellipticsurfaces,
   author = {{Schuett}, M. and {Shioda}, T.},
    title = "{Elliptic Surfaces}",
  journal = {ArXiv e-prints},
archivePrefix = "arXiv",
   eprint = {0907.0298},
 primaryClass = "math.AG",
 keywords = {Mathematics - Algebraic Geometry, Mathematics - Number Theory, 14J27 (Primary), 06B05, 11G05, 11G07, 11G50, 14J20, 14J26, 14J28 (Secondary)},
     year = 2009,
    month = jul,
   adsurl = {http://adsabs.harvard.edu/abs/2009arXiv0907.0298S},
  adsnote = {Provided by the SAO/NASA Astrophysics Data System}
}


@ARTICLE{demarcomavraki,
	author = {{DeMarco}, L. and {Myrto Mavraki}, N.},
	title = "{Variation of canonical height and equidistribution}",
	journal = {ArXiv e-prints},
	archivePrefix = "arXiv",
	eprint = {1701.07947},
	primaryClass = "math.NT",
	keywords = {Mathematics - Number Theory, Mathematics - Dynamical Systems},
	year = 2017,
	month = jan,
	adsurl = {http://adsabs.harvard.edu/abs/2017arXiv170107947D},
	adsnote = {Provided by the SAO/NASA Astrophysics Data System}
}

@book{silverman1994advanced,
	title={Advanced topics in the arithmetic of elliptic curves},
	author={Silverman, J.H.},
	isbn={9780387943251},
	lccn={94021787},
	series={Graduate texts in mathematics},
	url={https://books.google.it/books?id=X0RAAQAAIAAJ},
	year={1994},
	publisher={Springer-Verlag}
}

@ARTICLE{ominimal, 
	author={F. Barroero and M. Widmer}, 
	journal={International Mathematics Research Notices}, 
	title={Counting Lattice Points and O-Minimal Structures}, 
	year={2014}, 
	volume={2014}, 
	number={18}, 
	pages={4932-4957}, 
	keywords={}, 
	doi={10.1093/imrn/rnt102}, 
	ISSN={1073-7928}, 
	month={},}

@book{SerreMW,
	title={Lectures on the Mordell-Weil Theorem},
	author={Brown, M.L. and Serre, J.P. and Waldschmidt, M.},
	isbn={9783663106326},
	series={Aspects of Mathematics},
	url={https://books.google.it/books?id=pbbrCAAAQBAJ},
	year={2013},
	publisher={Vieweg+Teubner Verlag}
}


@book{beauville,
	title={Complex Algebraic Surfaces},
	author={Beauville, A.},
	isbn={9781107367098},
	series={London Mathematical Society student texts},
	url={https://books.google.it/books?id=zoFLnQAACAAJ},
	year={1996},
	publisher={Cambridge University Press}
}


@book{tametopology,
	title={Tame Topology and O-minimal Structures},
	author={Van den Dries, L. and Cassels, J.W. and Hitchin, N.J.},
	isbn={9780521598385},
	lccn={98017407},
	series={150 184},
	url={https://books.google.it/books?id=CLnElinpjOgC},
	year={1998},
	publisher={Cambridge University Press}
}

@Article{bettitorsion,
	author="Corvaja, Pietro
	and Masser, David
	and Zannier, Umberto",
	title="Torsion hypersurfaces on abelian schemes and Betti coordinates",
	journal="Mathematische Annalen",
	year="2017",
	month="Mar",
	day="30",
	issn="1432-1807",
	doi="10.1007/s00208-017-1537-z",
	url="https://doi.org/10.1007/s00208-017-1537-z"
}

@ARTICLE{garethschmidt,
	author = {{Jones}, G. and {Schmidt}, H.},
	title = "{Pfaffian definitions of Weierstrass elliptic functions}",
	journal = {ArXiv e-prints},
	archivePrefix = "arXiv",
	eprint = {1709.05224},
	primaryClass = "math.NT",
	keywords = {Mathematics - Number Theory, Mathematics - Logic},
	year = 2017,
	month = sep,
	adsurl = {http://adsabs.harvard.edu/abs/2017arXiv170905224J},
	adsnote = {Provided by the SAO/NASA Astrophysics Data System}
}