@article{myarticle1,
	author = {{Demeio}, J.~L.},
	title = "{Non-rational varieties with the Hilbert Property}",
	journal = {ArXiv e-prints},
	archivePrefix = "arXiv",
	eprint = {1801.10413},
	primaryClass = "math.AG",
	keywords = {Mathematics - Algebraic Geometry},
	year = 2018,
	month = jan,
	adsurl = {http://adsabs.harvard.edu/abs/2018arXiv180110413D},
	adsnote = {Provided by the SAO/NASA Astrophysics Data System}
}

@book {hartshorne,
	AUTHOR = {Hartshorne, Robin},
	TITLE = {Algebraic geometry},
	NOTE = {Graduate Texts in Mathematics, No. 52},
	PUBLISHER = {Springer-Verlag},
	ADDRESS = {New York},
	YEAR = {1977},
	PAGES = {xvi+496},
}


@article {merel,
	AUTHOR = {Merel, Lo\"\i c},
	TITLE = {Bornes pour la torsion des courbes elliptiques sur les corps
	de nombres},
	JOURNAL = {Invent. Math.},
	FJOURNAL = {Inventiones Mathematicae},
	VOLUME = {124},
	YEAR = {1996},
	NUMBER = {1-3},
	PAGES = {437--449},
}

@article{unirationalcubics, 
	title={UNIRATIONALITY OF CUBIC HYPERSURFACES}, 
	volume={1}, 
	number={3}, 
	journal={Journal of the Institute of Mathematics of Jussieu}, 
	author={Kollár, János},
	year={2002}, 
	pages={467–476},
}

@incollection {kleiman,
	AUTHOR = {Kleiman, Steven L.},
	TITLE = {The {P}icard scheme},
	BOOKTITLE = {Fundamental algebraic geometry},
	SERIES = {Math. Surveys Monogr.},
	VOLUME = {123},
	PAGES = {235--321},
	PUBLISHER = {Amer. Math. Soc., Providence, RI},
	YEAR = {2005},
}

@article{garbagnati,
	author = {{Garbagnati}, A. and {Salgado}, C.},
	title = "{Linear systems on rational elliptic surfaces and elliptic fibrations on K3 surfaces}",
	journal = {ArXiv e-prints},
	eprint = {1703.02783},
	year = {2017},
	month = {mar},
}

@article {nonrationalcubics,
	AUTHOR = {Clemens, C. Herbert and Griffiths, Phillip A.},
	TITLE = {The intermediate {J}acobian of the cubic threefold},
	JOURNAL = {Ann. of Math. (2)},
	FJOURNAL = {Annals of Mathematics. Second Series},
	VOLUME = {95},
	YEAR = {1972},
	PAGES = {281--356},
}


@article{articoloHP,
author={Corvaja, Pietro
and Zannier, Umberto},
title={On the Hilbert property and the fundamental group of algebraic varieties},
journal={Mathematische Zeitschrift},
year={2016},
pages={1--24},
}

@book {twist,
	AUTHOR = {Serre, Jean-Pierre},
	TITLE = {Cohomologie galoisienne},
	SERIES = {Lecture Notes in Mathematics},
	VOLUME = {5},
	EDITION = {Fifth},
	PUBLISHER = {Springer-Verlag, Berlin},
	YEAR = {1994},
	PAGES = {x+181},
}

@article {articoloV,
    AUTHOR = {Logan, Adam and McKinnon, David and van Luijk, Ronald},
     TITLE = {Density of rational points on diagonal quartic surfaces},
   JOURNAL = {Algebra Number Theory},
  FJOURNAL = {Algebra \& Number Theory},
    VOLUME = {4},
      YEAR = {2010},
    NUMBER = {1},
     PAGES = {1--20},
}

@article {Prym,
    AUTHOR = {Bruin, Nils},
     TITLE = {The arithmetic of {P}rym varieties in genus 3},
   JOURNAL = {Compos. Math.},
  FJOURNAL = {Compositio Mathematica},
    VOLUME = {144},
      YEAR = {2008},
    NUMBER = {2},
     PAGES = {317--338},
}

@article {Corvaja,
    AUTHOR = {Corvaja, Pietro},
     TITLE = {Rational fixed points for linear group actions},
   JOURNAL = {Ann. Sc. Norm. Super. Pisa Cl. Sci. (5)},
  FJOURNAL = {Annali della Scuola Normale Superiore di Pisa. Classe di
              Scienze. Serie V},
    VOLUME = {6},
      YEAR = {2007},
    NUMBER = {4},
     PAGES = {561--597},
}

@article {reductive,
    AUTHOR = {Colliot-Th\'el\`ene, Jean-Louis and Sansuc, Jean-Jacques},
     TITLE = {Principal homogeneous spaces under flasque tori: applications},
   JOURNAL = {J. Algebra},
  FJOURNAL = {Journal of Algebra},
    VOLUME = {106},
      YEAR = {1987},
    NUMBER = {1},
     PAGES = {148--205},
}

@incollection {swinnerton,
	AUTHOR = {Swinnerton-Dyer, Peter},
	TITLE = {Some applications of {S}chinzel's hypothesis to {D}iophantine
	equations},
	BOOKTITLE = {Number theory in progress, {V}ol. 1 ({Z}akopane-{K}o\'scielisko,
	1997)},
	PAGES = {503--530},
	PUBLISHER = {de Gruyter, Berlin},
	YEAR = {1999},
}


@article{Bogomolov,
	author={F A Bogomolov},
	title={THE BRAUER GROUP OF QUOTIENT SPACES BY LINEAR GROUP ACTIONS},
	journal={Mathematics of the USSR-Izvestiya},
	volume={30},
	number={3},
	pages={455},
	url={http://stacks.iop.org/0025-5726/30/i=3/a=A02},
	year={1988}
}

@article{weakweakabelian,
	author = {Neukirch, Jürgen},
	journal = {Inventiones mathematicae},
	pages = {59-116},
	title = {Über das Einbettungsproblem der algebraischen Zahlentheorie.},
	volume = {21},
	year = {1973}
}

@article{weakweaksolvable,
	author = {Neukirch, Jürgen},
	journal = {Inventiones mathematicae},
	keywords = {Galois imbedding problem; Galoisness of group; cohomology of Galois modules; inverse Galois problem},
	pages = {135-164},
	title = {On Solvable Number Fields.},
	volume = {53},
	year = {1979}
}

@book{Neukirchnovo,
	title={Cohomology of Number Fields},
	author={Neukirch, J. and Schmidt, A. and Wingberg, K.},
	isbn={9783662517451},
	series={Grundlehren der mathematischen Wissenschaften},
	year={2016},
	publisher={Springer Berlin Heidelberg}
}


@article {fibrazioniHP,
    AUTHOR = {Bary-Soroker, Lior and Fehm, Arno and Petersen, Sebastian},
     TITLE = {On varieties of {H}ilbert type},
   JOURNAL = {Ann. Inst. Fourier (Grenoble)},
  FJOURNAL = {Universit\'e de Grenoble. Annales de l'Institut Fourier},
    VOLUME = {64},
      YEAR = {2014},
    NUMBER = {5},
     PAGES = {1893--1901},
}

@book {Serre,
    AUTHOR = {Serre, Jean-Pierre},
     TITLE = {Topics in {G}alois theory},
    SERIES = {Research Notes in Mathematics},
    VOLUME = {1},
   EDITION = {Second},
 PUBLISHER = {A K Peters, Ltd., MA},
      YEAR = {2008},
     PAGES = {xvi+120},
}

@book {inversa,
	AUTHOR = {Malle, G. and Matzat, B.H.},
	TITLE = {Inverse {G}alois Theory},
	SERIES = {Springer Monographs in Mathematics},
	VOLUME = {1},
	EDITION = {Second},
	YEAR = {1999},
	PAGES = {xv+436},
}

@article {swan,
	AUTHOR = {Swan, Richard G.},
	TITLE = {Invariant rational functions and a problem of {S}teenrod},
	JOURNAL = {Invent. Math.},
	FJOURNAL = {Inventiones Mathematicae},
	VOLUME = {7},
	YEAR = {1969},
	PAGES = {148--158},
}

@article {Saltman,
    AUTHOR = {Saltman, David J.},
     TITLE = {Noether's problem over an algebraically closed field},
   JOURNAL = {Invent. Math.},
  FJOURNAL = {Inventiones Mathematicae},
    VOLUME = {77},
      YEAR = {1984},
    NUMBER = {1},
     PAGES = {71--84},
}

@article {Lenstra,
    AUTHOR = {Lenstra, Jr., H. W.},
     TITLE = {Rational functions invariant under a finite abelian group},
   JOURNAL = {Invent. Math.},
  FJOURNAL = {Inventiones Mathematicae},
    VOLUME = {25},
      YEAR = {1974},
     PAGES = {299--325},
}

@article {ostruzionemanin,
    AUTHOR = {Manin, Y. I.},
     TITLE = {Le groupe de {B}rauer-{G}rothendieck en g\'eom\'etrie
              diophantienne},
 BOOKTITLE = {Actes du {C}ongr\`es {I}nternational des {M}ath\'ematiciens
              ({N}ice, 1970), {T}ome 1},
     PAGES = {401--411},
 PUBLISHER = {Gauthier-Villars, Paris},
      YEAR = {1971},
   MRCLASS = {14G25},
  MRNUMBER = {0427322},
MRREVIEWER = {Loren D. Olson},
}



@article {silverman,
	AUTHOR = {Silverman, Joseph H.},
	TITLE = {Heights and the specialization map for families of abelian
	varieties},
	JOURNAL = {J. Reine Angew. Math.},
	FJOURNAL = {Journal f\"ur die Reine und Angewandte Mathematik},
	VOLUME = {342},
	YEAR = {1983},
	PAGES = {197--211},
}

@article {hans,
	AUTHOR = {Sterk, Hans},
	TITLE = {Finiteness results for algebraic K3 surfaces},
	JOURNAL = {Math. Z.},
	FJOURNAL = {Mathematische Zeitschrift},
	VOLUME = {189},
	YEAR = {1985},
	PAGES = {507-513},
}

@misc{stacks-project,
	author       = {The {Stacks Project Authors}},
	title        = {\itshape Stacks Project},
	howpublished = {\url{http://stacks.math.columbia.edu}},
	year         = {2017},
}

@Book{survey,
	Author = {Serge {Lang}},
	Title = {{Survey of diophantine geometry. Transl. from the Russian. Corr. 2nd printing.}},
	Pages = {xi + 298},
	Year = {1997},
	Publisher = {Berlin: Springer},
}



@book {rivestimenti,
	TITLE = {Rev\^etements \'etales et groupe fondamental ({SGA} 1)},
	SERIES = {Documents Math\'ematiques (Paris) [Mathematical Documents
	(Paris)]},
	VOLUME = {3},
	PUBLISHER = {Soci\'et\'e Math\'ematique de France, Paris},
	YEAR = {2003},
	PAGES = {xviii+327},
}


@book {groethendieck,
	AUTHOR = {Artin, M. and Bertin, J. E. and Demazure, M. and Gabriel, P.
	and Grothendieck, A. and Raynaud, M. and Serre, J.-P.},
	TITLE = {Sch\'emas en groupes. {F}asc. 3: {E}xpos\'es 8 \`a 11},
	SERIES = {S\'eminaire de G\'eom\'etrie Alg\'ebrique de l'Institut des Hautes
	\'Etudes Scientifiques},
	VOLUME = {1963/64},
	PUBLISHER = {Institut des Hautes \'Etudes Scientifiques, Paris},
	YEAR = {1964},
	PAGES = {ii+178 pp. (not consecutively paged)},
}

@incollection {congetturastrong,
    AUTHOR = {Colliot-Th\'el\`ene, Jean-Louis},
     TITLE = {Points rationnels sur les fibrations},
 BOOKTITLE = {Higher dimensional varieties and rational points ({B}udapest,
              2001)},
    SERIES = {Bolyai Soc. Math. Stud.},
    VOLUME = {12},
     PAGES = {171--221},
 PUBLISHER = {Springer, Berlin},
      YEAR = {2003},
}

@book {linearalggroups,
	AUTHOR = {Humphreys, James E.},
	TITLE = {Linear algebraic groups},
	NOTE = {Graduate Texts in Mathematics, No. 21},
	PUBLISHER = {Springer-Verlag, New York-Heidelberg},
	YEAR = {1975},
	PAGES = {xiv+247},
}

